<record><leader>00000cas a22000007a 4500</leader><controlfield tag="001">13503683</controlfield><controlfield tag="008">860428d19461974inudn ne      0    0eng d</controlfield><datafield ind1=" " ind2=" " tag="010"><subfield code="a">sn 86058503 </subfield></datafield><datafield ind1=" " ind2=" " tag="040"><subfield code="a">NPI</subfield><subfield code="b">eng</subfield><subfield code="c">NPI</subfield><subfield code="d">OCLCQ</subfield><subfield code="d">IUL</subfield><subfield code="d">OCLCF</subfield></datafield><datafield ind1="1" ind2=" " tag="029"><subfield code="a">AU@</subfield><subfield code="b">000025803550</subfield></datafield><datafield ind1=" " ind2=" " tag="042"><subfield code="a">msc</subfield></datafield><datafield ind1=" " ind2=" " tag="043"><subfield code="a">n-us-in</subfield></datafield><datafield ind1="0" ind2="0" tag="245"><subfield code="a">Martinsville daily reporter.</subfield></datafield><datafield ind1=" " ind2=" " tag="260"><subfield code="a">Martinsville, Ind. :</subfield><subfield code="b">Reporter Pub. Co.,</subfield><subfield code="c">1946-1974.</subfield></datafield><datafield ind1=" " ind2=" " tag="300"><subfield code="a">v. :</subfield><subfield code="b">ill.</subfield></datafield><datafield ind1=" " ind2=" " tag="310"><subfield code="a">Daily (except Sun.)</subfield></datafield><datafield ind1="0" ind2=" " tag="362"><subfield code="a">Vol. 57, no. 221 (Aug. 29, 1946)-85th year, no. 15 (Jan. 17, 1974).</subfield></datafield><datafield ind1=" " ind2=" " tag="500"><subfield code="a">Includes several special Martinsville Sesquicentennial editions including: June 6, July 25, and Dec. 30, 1972.</subfield></datafield><datafield ind1=" " ind2=" " tag="500"><subfield code="a">Republican Cf. Ayer directory of publications.</subfield></datafield><datafield ind1=" " ind2="0" tag="651"><subfield code="a">Martinsville (Ind.)</subfield><subfield code="v">Newspapers.</subfield></datafield><datafield ind1=" " ind2="0" tag="651"><subfield code="a">Morgan County (Ind.)</subfield><subfield code="v">Newspapers.</subfield></datafield><datafield ind1=" " ind2="7" tag="655"><subfield code="a">Newspapers.</subfield><subfield code="2">fast</subfield><subfield code="0">(OCoLC)fst01423814</subfield></datafield><datafield ind1=" " ind2="7" tag="651"><subfield code="a">Indiana</subfield><subfield code="z">Martinsville.</subfield><subfield code="2">fast</subfield><subfield code="0">(OCoLC)fst01232308</subfield></datafield><datafield ind1=" " ind2="7" tag="651"><subfield code="a">Indiana</subfield><subfield code="z">Morgan County.</subfield><subfield code="2">fast</subfield><subfield code="0">(OCoLC)fst01218134</subfield></datafield><datafield ind1=" " ind2=" " tag="752"><subfield code="a">United States</subfield><subfield code="b">Indiana</subfield><subfield code="c">Morgan</subfield><subfield code="d">Martinsville.</subfield></datafield><datafield ind1="0" ind2="0" tag="780"><subfield code="t">Daily reporter (Martinsville, Ind.)</subfield><subfield code="w">(DLC)sn 86058502</subfield><subfield code="w">(OCoLC)13503668</subfield></datafield><datafield ind1="0" ind2="0" tag="785"><subfield code="t">Reporter (Martinsville, Ind.)</subfield><subfield code="w">(DLC)sn 86058504</subfield><subfield code="w">(OCoLC)13503719</subfield></datafield></record>